@article{Boid,
  author = {Craig W. Reynolds},
  title = {Flocks, herds and schools: A distributed behavioral model},
  journal = {ACM SIGGRAPH Computer Graphics},
  volume = {21},
  number = {4},
  pages = {25-34},
  year = {1987}
}

@article{Brush,
  author = {Branislav Ulicny, Pablo de Heras Ciechomski, Daniel Thalmann},
  title = {Crowdbrush: interactive authoring of real-time crowd scenes},
  journal = {SIGGRAPH '05 ACM SIGGRAPH 2005 Courses},
  number = {3},
  year = {2004}
}

@article{Flappy,
  author = {Eunjung Ju and Jungdam Won and Jehee Lee and Byungkuk Choi and Junyong Noh and Min Gyu Choi},
  title = {Data-driven control of flapping flight},
  journal = {ACM Transactions on Graphics},
  volume = {32},
  number = {5},
  year = {2013}
}

@Article{Cloud,
  author = {Kei Iwasaki,	 Yoshinori Dobashi, Makoto Okabe},
  title = {Example-based synthesis of three-dimensional clouds from photographs},
  journal = {CGI '17 Proceedings of the Computer Graphics International Conference},
  number = {28},
  year = {2017}
}

@Article{Fluid,
  author = {Makoto Okabe and Yoshinori Dobashi and Ken Anjyo and Rikio Onai},
  title = {Fluid volume modeling from sparse multi-view images by appearance transfer},
  journal = {ACM Transactions on Graphics},
  volume = {34},
  number = {93},
  year = {2015}
}

@Article{Tracking,
  author = {A. Buchanan, A. Fitzgibbon},
  title = {Interactive feature tracking using k-d trees and dynamic programming},
  journal = {2006 IEEE Computer Society Conference on Computer Vision and Pattern Recognition},
  volume = {34},
  number = {93},
  year = {2006}
}

@Article{Flight,
  author = {Jia-chi Wu, Zoran Popović},
  title = {Realistic modeling of bird flight animations},
  journal = {ACM Transactions on Graphics},
  volume = {22},
  number = {3},
  year = {2003}
}

@Article{Shape,
  author = {Jiayi Xu and Xiaogang Jin and Yizhou Yu and Tian Shen and Mingdong Zhou},
  title = {Shape‐constrained flock animation},
  journal = {Computer Animation and Virtual Worlds},
  volume = {19},
  pages = {319-330},
  year = {2008}
}

@Article{Social,
  author = {Dirk Helbing, Peter Molnar},
  title = {Social force model for pedestrian dynamics},
  journal = {Physical review. E},
  volume = {51},
  pages = {4282-4286},
  year = {1995}
}

@Article{Snake,
  author = {Gavin S. P. Miller},
  title = {The motion dynamics of snakes and worms},
  journal = {ACM SIGGRAPH Computer Graphics},
  volume = {22},
  number = {4},
  pages = {169-173},
  year = {1988}
}

@Article{Fish,
  author = {Daiki Satoi and Mikihiro Hagiwara and Akira Uemoto and Hisanao Nakadai and Junichi Hoshino},
  title = {Unified motion planner for fishes with various swimming styles},
  journal = {ACM Transactions on Graphics},
  volume = {35},
  number = {80},
  pages = {169-173},
  year = {2016}
}

@Article{PBD,
  author = {Matthias Müller and Bruno Heidelberger and Marcus Hennix and John Ratcliff},
  title = {Position Based Dynamics},
  journal = {Journal of Visual Communication and Image Representation},
  volume = {18},
  number = {2},
  pages = {109-118},
  year = {2007}
}

@Article{COBYLA,
  author = {M. J. D. Powell},
  title = {A direct search optimization method that models the objective and constraint functions by linear interpolation},
  journal = {Advances in Optimization and Numerical Analysis},
  volume = {275},
  pages = {51-67},
  year = {1994}
}

@Article{Sketch,
  author = {Alexander P. Pentland, Jeff Kuo},
  title = {Three-dimensional line interpretation via local processing},
  journal = {Electronic Imaging},
  volume = {1249},
  year = {1990}
}

@Article{Steering,
  author = {Craig W. Reynolds},
  title = {Steering behaviors for autonomous characters},
  journal = {Proceedings of Game Developers Conference},
  pages = {763-782},
  year = {1999}
}

@Article{Plant,
  author = {Takashi Ijiriand Shigeru Owada and Makoto Okabe and Takeo Igarashi},
  title = {Floral diagrams and inflorescences: interactive flower modeling using botanical structural constraints},
  journal = {ACM Transactions on Graphics (TOG)},
  volume = {24},
  number = {3},
  pages = {720-726},
  year = {2005}
}

@misc{Golaem,
  title = {Golaem},
  howpublished = {\url{http://golaem.com/}},
}

@misc{NLopt,
  title = {NLopt},
  howpublished = {\url{https://nlopt.readthedocs.io/}},
}

@misc{Unity,
  title = {Unity},
  howpublished = {\url{https://unity3d.com/}},
}

@misc{ZooTracer,
  title = {ZooTracer},
  howpublished = {\url{https://www.microsoft.com/en-us/research/project/zootracer/}},
}

@misc{Massive,
  title = {Massive},
  howpublished = {\url{http://www.massivesoftware.com/}},
}

@Article{Reconstruction,
  author = {Andrew W. Fitzgibbon, Geoff Cross, Andrew Zisserman},
  title = {Automatic 3D Model Construction for Turn-Table Sequences},
  journal = {Lecture Notes in Computer Science},
  volume = {1506},
  pages = {155-170},
  year = {1998}
}

@Article{OB1,
  author = {Bayazit OB, Lien JM, Amato NM},
  title = {Roadmap-based flocking for complex environments},
  journal = {10th Pacific Conference on Computer Graphics and Applications},
  pages = {104-115},
  year = {2002}
}

@Article{OB2,
  author = {Bayazit OB, Lien JM, Amato NM},
  title = {Swarming behavior using probabilistic roadmap techniques},
  journal = {Lecture Notes in ComputerScience},
  volume = {3342},
  pages = {112-125},
  year = {2005}
}

@Article{Constrained,
  author = {Anderson M, McDaniel E, Chenney S.},
  title = {Constrained animation of flocks},
  journal = {Proceedings of the 2003 ACM SIGGRAPH/Eurographics Symposium on Computer Animation},
  pages = {286-297},
  year = {2003}
}

@Article{McCarthy60,
  author = {John McCarthy},
  title = {Recursive functions of symbolic expressions and their computation by machine},
  journal = {Communications of the ACM},
  volume = {3},
  number = {4},
  pages = {184--195},
  year = {1960}
}
  
@article{92795,
 author = {Evgenia Sendova},
 title = {Are there rules for creative-teaching informatics?},
 journal = {T.H.E. Journal},
 volume = {17},
 number = {5},
 year = {1990},
 issn = {0192-592X},
 pages = {68--70},
 publisher = {T.H.E. Journal},
 address = {Tustin, CA, USA},
 }

@Book{Knuth86,
  title =	 {The \TeX book},
  juratitle =	 {\TeX book},
  address =	 {Reading, MA},
  year =	 1986,
  author =	 {Donald Knuth},
  juraauthor =	 {Knuth},
  publisher =	 {Addison-Wesley}
}

@inproceedings{BollenHHJ07,
  author    = {Lars Bollen and
               Andreas Harrer and
               Heinz Ulrich Hoppe and
               Wouter R. van Joolingen},
  title     = {A Broker Architecture for Integration of Heterogeneous Applications
               for Inquiry Learning},
  booktitle     = {Proceedings of the 7th IEEE International Conference on
               Advanced Learning Technologies},
  year      = {2007},
  pages     = {15-17},
}

@book{Okumura07,
    author    = "奥村 晴彦",
    yomi      = "Haruhiko Okumura",
    title     = "［改訂第4版］{\LaTeXe}美文書作成入門",
    publisher = "技術評論社",
    isbn      = "978-4-7741-2984-6",
    year      = 2007,
}

@Article{ON06,
  title = {情報空間におけるセキュリティとセンシング},
  author = {沖野 浩二 and 南保 英孝},
  journal = {電気学会誌},
  volume = {126},
  number = {1},
  year = {2006},
  pages = {20--23}
}

@misc{CI08,
  title = {創造情報学専攻ウェブページ},
  howpublished = {\url{http://www.ci.i.u-tokyo.ac.jp/top/index.html}},
  year = {2008}
}

@misc{CI08e,
  key = {{Department of Creative Informatics, 
          Graduate School of Information Science and Technology,
          University of Tokyo}},
  title = {{Creative Informatics} web page},
  howpublished = {\url{http://www.ci.i.u-tokyo.ac.jp/top/index.html}},
  year = {2008}
}
